% Encoding: UTF-8

@Article{ilyina2013,
  author        = {Ilyina, T., K. D. Six, H. Li, and I. Nunez-Riboni},
  title         = {Global ocean biogeochemistry model HAMOCC: Model architecture and performance as component of the MPI-Earth system model in different CMIP5 experimental realizations},
  journal       = {J. Adv. Model. Earth Syst.},
  year          = {2013},
  volume        = {5},
  pages         = {287-315},
  __markedentry = {[m300524:5]},
  abstract      = {Ocean biogeochemistry is a novel standard compoons required within the CMIP5 experimental design.},
  file          = {:Ilyina_etal2013a_JAMES_hamocc_cmip5.pdf:PDF},
  keywords      = {rank3, CarbonSink},
}


@Article{landschuetzer2016,
  author        = {Landschützer, P., C. Rödenbeck, D. C. E. Bakker},
  title         = {The reinvigoration of the Southern Ocean carbon sink},
  journal       = {Science},
  year          = {2016},
  volume        = {349},
  number        = {6253},
  pages         = {1221--1226},
  __markedentry = {[m300524:5]},
  abstract      = {Several studies have suggested that the carbon sink in the Southern Ocean—the ocean’s
in time than previously recognized.},
  file          = {:Landschuetzer_etal2015_Science_reinvigoration_SOSC.pdf:PDF},
  groups        = {observations},
  keywords      = {rank4,observations, CarbonSink, SouternOcean},
}


